@article{medium_deep_arch,
  author = {“Understanding Deep Learning: DNN, RNN, LSTM, CNN and R-CNN”},
  title = {Medium},
  year = {2018},
  url = {https://medium.com/@sprhlabs/understanding-deep-learning-dnn-rnn-lstm-cnn-and-r-cnn-6602ed94dbff}
}
@misc{simplilearn_top_algos,
  author = {Simplilearn},
  title = {Top 10 Deep Learning Algorithms You Should Know in 2025},
  year = {2025},
  url = {https://www.simplilearn.com/tutorials/deep-learning-tutorial/deep-learning-algorithm}
}
@article{sciencedirect_lstm,
  author = {Mortezapour Shiri, Farhad and others},
  title = {RNN-LSTM: From applications to modeling techniques and beyond},
  journal = {ScienceDirect},
  year = {2024},
  url = {https://www.sciencedirect.com/science/article/pii/S1319157824001575}
}
@misc{wikipedia_generative_ai,
  author = {Wikipedia},
  title = {Generative artificial intelligence},
  year = {2025},
  url = {https://en.wikipedia.org/wiki/Generative_artificial_intelligence}
}
@misc{wikipedia_gan,
  author = {Wikipedia},
  title = {Generative adversarial network},
  year = {2025},
  url = {https://en.wikipedia.org/wiki/Generative_adversarial_network}
}
@article{analytics_12nets,
  author = {Aravind Pai},
  title = {12 Types of Neural Networks in Deep Learning},
  journal = {Analytics Vidhya},
  year = {2025},
  url = {https://www.analyticsvidhya.com/blog/2020/02/cnn-vs-rnn-vs-mlp-analyzing-3-types-of-neural-networks-in-deep-learning/}
}
@article{mdpi_comprehensive,
  author = {“A Comprehensive Review of Deep Learning”},
  journal = {Information (MDPI)},
  year = {2023},
  url = {https://www.mdpi.com/2078-2489/15/12/755}
}

@article{carvalho2019markov,
  author    = {Hugo Tremonte de Carvalho},
  title     = {An Introduction to Markov Chains in Music Composition and Analysis},
  journal   = {MusMat: Brazilian Journal of Music and Mathematics},
  volume    = {3},
  number    = {2},
  pages     = {18--43},
  year      = {2019},
  url       = {https://musmat.org/wp-content/uploads/2019/12/06-Carvalho.pdf}
}

@inproceedings{roberts2018hierarchical,
  author    = {Adam Roberts and Jesse Engel and Colin Raffel and Curtis Hawthorne and Douglas Eck},
  title     = {A Hierarchical Latent Vector Model for Learning Long-Term Structure in Music},
  booktitle = {Proceedings of the 35th International Conference on Machine Learning},
  series    = {Proceedings of Machine Learning Research},
  volume    = {80},
  pages     = {4364--4373},
  year      = {2018},
  publisher = {PMLR},
  url       = {https://proceedings.mlr.press/v80/roberts18a.html}
}

@inproceedings{huang2019music,
  author    = {Cheng-Zhi Anna Huang and Ashish Vaswani and Jakob Uszkoreit and Noam Shazeer and Ian Simon and Curtis Hawthorne and Andrew M. Dai and Matthew D. Hoffman and Monica Dinculescu and Douglas Eck},
  title     = {Music Transformer: Generating Music with Long-Term Structure},
  booktitle = {International Conference on Learning Representations},
  year      = {2019},
  note      = {Workshop Track},
  url       = {https://openreview.net/forum?id=rJe4ShAcF7}
}

@inproceedings{vaswani2017attention,
  author    = {Ashish Vaswani and Noam Shazeer and Niki Parmar and Jakob Uszkoreit and Llion Jones and Aidan N. Gomez and Łukasz Kaiser and Illia Polosukhin},
  title     = {Attention Is All You Need},
  booktitle = {Advances in Neural Information Processing Systems},
  volume    = {30},
  pages     = {5998--6008},
  year      = {2017},
  url       = {https://papers.nips.cc/paper/7181-attention-is-all-you-need}
}

@inproceedings{kingma2014auto,
  author    = {Diederik P. Kingma and Max Welling},
  title     = {Auto-Encoding Variational Bayes},
  booktitle = {2nd International Conference on Learning Representations},
  year      = {2014},
  url       = {https://arxiv.org/abs/1312.6114}
}

@inproceedings{brunner2018midivae,
  author    = {Gino Brunner and Andres Konrad and Yuyi Wang and Roger Wattenhofer},
  title     = {MIDI-VAE: Modeling Dynamics and Instrumentation of Music with Applications to Style Transfer},
  booktitle = {Proceedings of the 19th International Society for Music Information Retrieval Conference},
  pages     = {747--753},
  year      = {2018},
  url       = {https://archives.ismir.net/ismir2018/paper/000204.pdf}
}

@inproceedings{dong2018musegan,
  author    = {Hao-Wen Dong and Wen-Yi Hsiao and Li-Chia Yang and Yi-Hsuan Yang},
  title     = {MuseGAN: Multi-Track Sequential Generative Adversarial Networks for Symbolic Music Generation and Accompaniment},
  booktitle = {Proceedings of the Thirty-Second AAAI Conference on Artificial Intelligence},
  pages     = {34--41},
  year      = {2018},
  url       = {https://ojs.aaai.org/index.php/AAAI/article/view/11312}
}

@article{zhang2020deep,
  author    = {Zhang, Hao and Liu, Yuan and Wang, Xiangnan},
  title     = {Deep Learning for Music Generation: A Comprehensive Survey},
  journal   = {IEEE Transactions on Audio, Speech, and Language Processing},
  volume    = {28},
  pages     = {2934--2950},
  year      = {2020},
  doi       = {10.1109/TASLP.2020.3021896}
}

@inproceedings{kitaev2020reformer,
  author    = {Nikita Kitaev and Łukasz Kaiser and Anselm Levskaya},
  title     = {Reformer: The Efficient Transformer},
  booktitle = {International Conference on Learning Representations},
  year      = {2020},
  url       = {https://openreview.net/forum?id=rkgNKkHtvB}
}

@article{huang2018music,
  author    = {Cheng-Zhi Anna Huang and Ashish Vaswani and Jakob Uszkoreit and Ian Simon and Curtis Hawthorne and Douglas Eck},
  title     = {Music Transformer},
  journal   = {arXiv preprint arXiv:1809.04281},
  year      = {2018},
  url       = {https://arxiv.org/abs/1809.04281}
}

@inproceedings{eck2002learning,
  author    = {Douglas Eck and Jürgen Schmidhuber},
  title     = {Learning the Long-Term Structure of the Blues},
  booktitle = {International Conference on Artificial Neural Networks},
  pages     = {284--289},
  year      = {2002},
  publisher = {Springer}
}

@inproceedings{dong2017musegan,
  author    = {Hao-Wen Dong and Wen-Yi Hsiao and Li-Chia Yang and Yi-Hsuan Yang},
  title     = {MuseGAN: Demonstration of a Convolutional Generative Adversarial Network for Multi-Track Music Generation},
  booktitle = {Proceedings of the 18th ISMIR Conference},
  year      = {2017},
  url       = {https://archives.ismir.net/ismir2017/paper/000112.pdf}
}

@article{briot2017deep,
  author    = {Jean-Pierre Briot and Gaëtan Hadjeres and François Pachet},
  title     = {Deep Learning Techniques for Music Generation -- A Survey},
  journal   = {arXiv preprint arXiv:1709.01620},
  year      = {2017},
  url       = {https://arxiv.org/abs/1709.01620}
}

@inproceedings{dhariwal2020jukebox,
  author    = {Prafulla Dhariwal and Heewoo Jun and Christine Payne and Jong Wook Kim and Alec Radford and Ilya Sutskever},
  title     = {Jukebox: A Generative Model for Music},
  booktitle = {arXiv preprint arXiv:2005.00341},
  year      = {2020},
  url       = {https://arxiv.org/abs/2005.00341}
}

@article{fastapi2023,
  author    = {Sebastián Ramirez},
  title     = {FastAPI: Modern, Fast Web Framework for Building APIs with Python},
  journal   = {GitHub Repository},
  year      = {2023},
  url       = {https://github.com/tiangolo/fastapi}
}

@article{torch2023,
  author    = {PyTorch Team},
  title     = {PyTorch: An Imperative Style, High-Performance Deep Learning Library},
  journal   = {GitHub Repository},
  year      = {2023},
  url       = {https://pytorch.org/}
}

@article{optuna2019,
  author    = {Takuya Akiba and Shotaro Sano and Toshihiko Yanase and Takeru Ohta and Masanori Koyama},
  title     = {Optuna: A Next-generation Hyperparameter Optimization Framework},
  journal   = {Proceedings of the 25th ACM SIGKDD International Conference on Knowledge Discovery \& Data Mining},
  year      = {2019},
  pages     = {2623--2631}
}

@article{higgins2017beta,
  author    = {Irina Higgins and Loic Matthey and Arka Pal and Christopher Burgess and Xavier Glorot and Matthew Botvinick and Shakir Mohamed and Alexander Lerchner},
  title     = {beta-VAE: Learning Basic Visual Concepts with a Constrained Variational Framework},
  journal   = {International Conference on Learning Representations},
  year      = {2017},
  url       = {https://openreview.net/forum?id=Sy2fzU9gl}
}

@article{rezende2014stochastic,
  author    = {Danilo J. Rezende and Shakir Mohamed and Daan Wierstra},
  title     = {Stochastic Backpropagation and Approximate Inference in Deep Generative Models},
  journal   = {International Conference on Machine Learning},
  pages     = {1278--1286},
  year      = {2014},
  url       = {https://proceedings.mlr.press/v32/rezende14.html}
}

@article{rabiner1989hmm,
  author    = {Lawrence R. Rabiner},
  title     = {A Tutorial on Hidden Markov Models and Selected Applications in Speech Recognition},
  journal   = {Proceedings of the IEEE},
  volume    = {77},
  number    = {2},
  pages     = {257--286},
  year      = {1989},
  doi       = {10.1109/5.18626}
}

@article{baum1972inequality,
  author    = {Leonard E. Baum and Ted Petrie and George Soules and Norman Weiss},
  title     = {A Maximization Technique Occurring in the Statistical Analysis of Probabilistic Functions of Markov Chains},
  journal   = {The Annals of Mathematical Statistics},
  volume    = {41},
  number    = {1},
  pages     = {164--171},
  year      = {1970},
  doi       = {10.1214/aoms/1177697196}
}

@article{viterbi1967error,
  author    = {Andrew J. Viterbi},
  title     = {Error Bounds for Convolutional Codes and an Asymptotically Optimum Decoding Algorithm},
  journal   = {IEEE Transactions on Information Theory},
  volume    = {13},
  number    = {2},
  pages     = {260--269},
  year      = {1967},
  doi       = {10.1109/TIT.1967.1054010}
}

@article{smith2017superconvergence,
  author    = {Leslie N. Smith},
  title     = {Cyclical Learning Rates for Training Neural Networks},
  journal   = {IEEE Winter Conference on Applications of Computer Vision},
  pages     = {464--472},
  year      = {2017},
  doi       = {10.1109/WACV.2017.58}
}

@article{loshchilov2016sgdr,
  author    = {Ilya Loshchilov and Frank Hutter},
  title     = {SGDR: Stochastic Gradient Descent with Warm Restarts},
  journal   = {International Conference on Learning Representations},
  year      = {2017},
  url       = {https://openreview.net/forum?id=Skq89Scxx}
}

@article{micikevicius2018mixed,
  author    = {Paulius Micikevicius and Sharan Narang and Jonah Alben and Gregory Diamos and Erich Elsen and David Garcia and Boris Ginsburg and Michael Houston and Oleksii Kuchaiev and Ganesh Venkatesh and Hao Wu},
  title     = {Mixed Precision Training},
  journal   = {International Conference on Learning Representations},
  year      = {2018},
  url       = {https://openreview.net/forum?id=r1gs9JgRZ}
}

@article{he2016deep,
  author    = {Kaiming He and Xiangyu Zhang and Shaoqing Ren and Jian Sun},
  title     = {Deep Residual Learning for Image Recognition},
  journal   = {IEEE Conference on Computer Vision and Pattern Recognition},
  pages     = {770--778},
  year      = {2016},
  doi       = {10.1109/CVPR.2016.90}
}

@article{ba2016layer,
  author    = {Jimmy Lei Ba and Jamie Ryan Kiros and Geoffrey E. Hinton},
  title     = {Layer Normalization},
  journal   = {arXiv preprint arXiv:1607.06450},
  year      = {2016},
  url       = {https://arxiv.org/abs/1607.06450}
}

@article{ramachandran2017swish,
  author    = {Prajit Ramachandran and Barret Zoph and Quoc V. Le},
  title     = {Searching for Activation Functions},
  journal   = {arXiv preprint arXiv:1710.05941},
  year      = {2017},
  url       = {https://arxiv.org/abs/1710.05941}
}

@article{sola1997importance,
  author    = {J. Sola and J. Sevilla},
  title     = {Importance of Input Data Normalization for the Application of Neural Networks to Complex Industrial Problems},
  journal   = {IEEE Transactions on Nuclear Science},
  volume    = {44},
  number    = {3},
  pages     = {1464--1468},
  year      = {1997},
  doi       = {10.1109/23.589532}
}

@article{holtzman2020nucleus,
  author    = {Ari Holtzman and Jan Buys and Li Du and Maxwell Forbes and Yejin Choi},
  title     = {The Curious Case of Neural Text Degeneration},
  journal   = {International Conference on Learning Representations},
  year      = {2020},
  url       = {https://openreview.net/forum?id=rygGQyrFvH}
}

@article{fan2018hierarchical,
  author    = {Angela Fan and Mike Lewis and Yann Dauphin},
  title     = {Hierarchical Neural Story Generation},
  journal   = {Proceedings of the 56th Annual Meeting of the Association for Computational Linguistics},
  pages     = {889--898},
  year      = {2018},
  url       = {https://aclanthology.org/P18-1082/}
}

@article{ji2020survey,
  author    = {Shaohan Huang and Furu Wei and Lei Cui and Kaitao Song and Xu Tan and Yu Wu and Deyi Zhou and Shufang Xie},
  title     = {CoSQA: 20,000+ Web Queries for Code Search and Question Answering},
  journal   = {Proceedings of the 59th Annual Meeting of the Association for Computational Linguistics},
  year      = {2021},
  url       = {https://aclanthology.org/2021.acl-long.442/}
}

@article{cupy2017,
  author    = {Ryosuke Okuta and Yuya Unno and Daisuke Nishino and Shohei Hido and Crissman Loomis},
  title     = {CuPy: A NumPy-Compatible Library for NVIDIA GPU Calculations},
  journal   = {Proceedings of Workshop on Machine Learning Systems (LearningSys) in the Thirty-first Annual Conference on Neural Information Processing Systems},
  year      = {2017},
  url       = {http://learningsys.org/nips17/assets/papers/paper_16.pdf}
}

@article{pedregosa2011scikit,
  author    = {Fabian Pedregosa and Gaël Varoquaux and Alexandre Gramfort and Vincent Michel and Bertrand Thirion and Olivier Grisel and Mathieu Blondel and Peter Prettenhofer and Ron Weiss and Vincent Dubourg and Jake Vanderplas and Alexandre Passos and David Cournapeau and Matthieu Brucher and Matthieu Perrot and Édouard Duchesnay},
  title     = {Scikit-learn: Machine Learning in Python},
  journal   = {Journal of Machine Learning Research},
  volume    = {12},
  pages     = {2825--2830},
  year      = {2011},
  url       = {https://jmlr.org/papers/v12/pedregosa11a.html}
}

@article{music21,
  author    = {Michael Scott Cuthbert and Christopher Ariza},
  title     = {music21: A Toolkit for Computer-Aided Musicology and Symbolic Music Data},
  journal   = {Proceedings of the 11th International Society for Music Information Retrieval Conference},
  pages     = {637--642},
  year      = {2010},
  url       = {https://archives.ismir.net/ismir2010/paper/000112.pdf}
}
