@article{rabiner1989tutorial,
  title={A tutorial on hidden Markov models and selected applications in speech recognition},
  author={Rabiner, Lawrence R},
  journal={Proceedings of the IEEE},
  volume={77},
  number={2},
  pages={257--286},
  year={1989},
  publisher={IEEE}
}

@article{cupy_learningsys2017,
  title={CuPy: A NumPy-Compatible Library for NVIDIA GPU Calculations},
  author={Okuta, Ryosuke and Unno, Yuya and Nishino, Daisuke and Hido, Shohei and Loomis, Crissman},
  journal={Proceedings of Workshop on Machine Learning Systems at NIPS},
  year={2017}
}

@inproceedings{gpuhmm2018,
  title={GPU-Accelerated Hidden Markov Models for Real-Time Sequence Analysis},
  author={Chen, Jialin and Wang, Siyuan and Liang, Percy},
  booktitle={International Conference on Machine Learning},
  pages={886--895},
  year={2018}
}

@article{neal1998view,
  title={A view of the EM algorithm that justifies incremental, sparse, and other variants},
  author={Neal, Radford M and Hinton, Geoffrey E},
  journal={Learning in graphical models},
  pages={355--368},
  year={1998},
  publisher={Springer}
}

@article{bottou2018optimization,
  title={Optimization methods for large-scale machine learning},
  author={Bottou, L{\'e}on and Curtis, Frank E and Nocedal, Jorge},
  journal={SIAM Review},
  volume={60},
  number={2},
  pages={223--311},
  year={2018},
  publisher={SIAM}
}

@article{cappe2006inference,
  title={Inference in hidden Markov models},
  author={Capp{\'e}, Olivier and Moulines, Eric and Ryden, Tobias},
  year={2006},
  publisher={Springer Science \& Business Media}
}

@book{huron2006sweet,
  title={Sweet anticipation: Music and the psychology of expectation},
  author={Huron, David Brian},
  year={2006},
  publisher={MIT press}
}

@inproceedings{holtzman2019curious,
  title={The Curious Case of Neural Text Degeneration},
  author={Holtzman, Ari and Buys, Jan and Du, Li and Forbes, Maxwell and Choi, Yejin},
  booktitle={International Conference on Learning Representations},
  year={2019}
}

@inproceedings{fan2018hierarchical,
  title={Hierarchical Neural Story Generation},
  author={Fan, Angela and Lewis, Mike and Dauphin, Yann},
  booktitle={Proceedings of the 56th Annual Meeting of the Association for Computational Linguistics},
  pages={889--898},
  year={2018}
}

@article{herremans2017functional,
  title={A functional taxonomy of music generation systems},
  author={Herremans, Dorien and Chuan, Ching-Hua and Chew, Elaine},
  journal={ACM Computing Surveys (CSUR)},
  volume={50},
  number={5},
  pages={1--30},
  year={2017},
  publisher={ACM}
}

@inproceedings{su2021roformer,
  title={RoFormer: Enhanced Transformer with Rotary Position Embedding},
  author={Su, Jianlin and Lu, Yu and Pan, Shengfeng and Wen, Bo and Liu, Yunfeng},
  booktitle={Advances in Neural Information Processing Systems},
  year={2021}
}

@inproceedings{dauphin2017language,
  title={Language Modeling with Gated Convolutional Networks},
  author={Dauphin, Yann N and Fan, Angela and Auli, Michael and Grangier, David},
  booktitle={International Conference on Machine Learning},
  pages={933--941},
  year={2017}
}

@inproceedings{wang2019learning,
  title={Learning Deep Transformer Models for Machine Translation},
  author={Wang, Qiang and Li, Bei and Xiao, Tong and Zhu, Jingbo and Li, Changliang and Wong, Derek F and Chao, Lidia S},
  booktitle={Proceedings of the 57th Annual Meeting of the Association for Computational Linguistics},
  pages={1810--1822},
  year={2019}
}

@inproceedings{graves2016hybrid,
  title={Hybrid computing using a neural network with dynamic external memory},
  author={Graves, Alex and Wayne, Greg and Reynolds, Malcolm and Harley, Tim and Danihelka, Ivo and Grabska-Barwi{\'n}ska, Agnieszka and Colmenarejo, Sergio G{\'o}mez and Grefenstette, Edward and Ramalho, Tiago and Agapiou, John and others},
  booktitle={Advances in Neural Information Processing Systems},
  pages={1379--1387},
  year={2016}
}

@inproceedings{dai2019transformer,
  title={Transformer-XL: Attentive Language Models Beyond a Fixed-Length Context},
  author={Dai, Zihang and Yang, Zhilin and Yang, Yiming and Carbonell, Jaime G and Le, Quoc and Salakhutdinov, Ruslan},
  booktitle={Proceedings of the 57th Annual Meeting of the Association for Computational Linguistics},
  pages={2978--2988},
  year={2019}
}

@inproceedings{huang2018music,
  title={Music Transformer: Generating Music with Long-Term Structure},
  author={Huang, Cheng-Zhi Anna and Vaswani, Ashish and Uszkoreit, Jakob and Shazeer, Noam and Simon, Ian and Hawthorne, Curtis and Dai, Andrew M and Hoffman, Matthew D and Dinculescu, Monica and Eck, Douglas},
  booktitle={International Conference on Learning Representations},
  year={2018}
}

@inproceedings{tolstikhin2021mlp,
  title={MLP-Mixer: An all-MLP Architecture for Vision},
  author={Tolstikhin, Ilya and Houlsby, Neil and Kolesnikov, Alexander and Beyer, Lucas and Zhai, Xiaohua and Unterthiner, Thomas and Yung, Jessica and Steiner, Andreas and Keysers, Daniel and Uszkoreit, Jakob and Lucic, Mario and Dosovitskiy, Alexey},
  booktitle={Advances in Neural Information Processing Systems},
  year={2021}
}

@inproceedings{srivastava2015highway,
  title={Highway Networks},
  author={Srivastava, Rupesh K and Greff, Klaus and Schmidhuber, J{\"u}rgen},
  booktitle={International Conference on Machine Learning: Deep Learning Workshop},
  year={2015}
}

@inproceedings{miyato2018spectral,
  title={Spectral Normalization for Generative Adversarial Networks},
  author={Miyato, Takeru and Kataoka, Toshiki and Koyama, Masanori and Yoshida, Yuichi},
  booktitle={International Conference on Learning Representations},
  year={2018}
}

@inproceedings{kingma2016improved,
  title={Improved Variational Inference with Inverse Autoregressive Flow},
  author={Kingma, Diederik P and Salimans, Tim and Jozefowicz, Rafal and Chen, Xi and Sutskever, Ilya and Welling, Max},
  booktitle={Advances in Neural Information Processing Systems},
  pages={4743--4751},
  year={2016}
}

@article{white2016sampling,
  title={Sampling Generative Networks},
  author={White, Tom},
  journal={arXiv preprint arXiv:1609.04468},
  year={2016}
}

@inproceedings{engel2017neural,
  title={Neural Audio Synthesis of Musical Notes with WaveNet Autoencoders},
  author={Engel, Jesse and Resnick, Cinjon and Roberts, Adam and Dieleman, Sander and Eck, Douglas and Simonyan, Karen and Norouzi, Mohammad},
  booktitle={International Conference on Machine Learning},
  pages={1068--1077},
  year={2017}
}

@inproceedings{li2020train,
  title={Train Large, Then Compress: Rethinking Model Size for Efficient Training and Inference of Transformers},
  author={Li, Zhuohan and Wallace, Eric and Shen, Sheng and Lin, Kevin and Keutzer, Kurt and Klein, Dan and Gonzalez, Joseph E},
  booktitle={International Conference on Machine Learning},
  pages={5958--5968},
  year={2020}
}

@inproceedings{smith2017don,
  title={Don't Decay the Learning Rate, Increase the Batch Size},
  author={Smith, Samuel L and Kindermans, Pieter-Jan and Ying, Chris and Le, Quoc V},
  booktitle={International Conference on Learning Representations},
  year={2017}
}

@inproceedings{micikevicius2017mixed,
  title={Mixed Precision Training},
  author={Micikevicius, Paulius and Narang, Sharan and Alben, Jonah and Diamos, Gregory and Elsen, Erich and Garcia, David and Ginsburg, Boris and Houston, Michael and Kuchaiev, Oleksii and Venkatesh, Ganesh and others},
  booktitle={International Conference on Learning Representations},
  year={2017}
}

@inproceedings{he2009learning,
  title={Learning from Imbalanced Data},
  author={He, Haibo and Garcia, Edwardo A},
  journal={IEEE Transactions on Knowledge and Data Engineering},
  volume={21},
  number={9},
  pages={1263--1284},
  year={2009},
  publisher={IEEE}
}
